<?xml version="1.0" encoding="UTF-8"?><collection xmlns="http://www.loc.gov/MARC21/slim"><record><leader>00323nam--2200133-i-4500</leader><controlfield tag="001">000043394</controlfield><controlfield tag="002">20161230</controlfield><controlfield tag="005">20161230201044</controlfield><controlfield tag="008">060222s1000------------r-----000-0-eng-d</controlfield><datafield ind1=" " ind2=" " tag="080"><subfield code="a">530.12</subfield></datafield><datafield ind1=" " ind2=" " tag="100"><subfield code="a">Synge,J.L</subfield></datafield><datafield ind1=" " ind2=" " tag="245"><subfield code="a">Talking about relativity</subfield></datafield><datafield ind1=" " ind2=" " tag="260"><subfield code="a">Amsterdam, North-holland Publ.Co.,1970. 193 P</subfield></datafield><datafield ind1=" " ind2=" " tag="852"><subfield code="a">46664</subfield></datafield></record></collection>